% Encoding: UTF-8

@article{Adya_Liskov_O_Neil_2000,
  author = {Adya, Atul and Liskov, Barbara and O' Neil, Patrick},
  title  = {Generalized Isolation Level Definitions},
  year   = {2000},
  url    = {http://pmg.csail.mit.edu/papers/icde00.pdf}
}

@article{Berenson_Bernstein_Gray_Melton_O_Neil_O_Neil_1995,
  author  = {Berenson, Hal and Bernstein, Phil and Gray, Jim and Melton, Jim and O’Neil, Elizabeth and O’Neil, Patrick},
  journal = {ACM SIGMOD Record},
  title   = {A critique of ANSI SQL isolation levels},
  year    = {1995},
  month   = {May},
  number  = {2},
  pages   = {1–10},
  volume  = {24},
  doi     = {10.1145/568271.223785},
  url     = {https://www.microsoft.com/en-us/research/wp-content/uploads/2016/02/tr-95-51.pdf}
}

@Comment{jabref-meta: databaseType:bibtex;}
